@INPROCEEDINGS{Wang2010, 
author={Baoyi Wang and Jianqiang Cai and Shaomin Zhang and Jun Li}, 
booktitle={Proceedings of International Conference on Computer Application and System Modeling}, 
title={A network security assessment model based on attack-defense game theory}, 
year={2010}, 
month={Oct}, 
volume={3}, 
pages={V3.639-V3.643}
}

@INPROCEEDINGS{Zhang2008,
author={Zonghua Zhang and Na\"{i}t-Abdesselam, F. and Pin-Han Ho}, 
booktitle={Proceedings of Third International Conference on Availability, Reliability and Security},
title={Boosting Markov Reward Models for Probabilistic Security Evaluation by Characterizing Behaviors of Attacker and Defender}, 
year={2008}, 
month={March}, 
pages={352-359}
}

@INPROCEEDINGS{Xie2010, 
author={Peng Xie and Li, Jason H. and Xinming Ou and Peng Liu and R. Levy}, 
booktitle={Proceedings of IEEE/IFIP International Conference on Dependable Systems and Networks (DSN)}, 
title={Using Bayesian networks for cyber security analysis}, 
year={2010}, 
month={June}, 
pages={211-220}
}

@inproceedings{Santhi2010,
 author = {Santhi, Nandakishore and Yan, Guanhua and Eidenbenz, Stephan},
 title = {Cybersim: Geographic, Temporal, and Organizational Dynamics of Malware Propagation},
 booktitle = {Proceedings of the Winter Simulation Conference},
 series = {WSC '10},
 year = {2010},
 isbn = {978-1-4244-9864-2},
 address = {Baltimore, Maryland},
 pages = {2876--2887},
 publisher = {Winter Simulation Conference}
} 

@inproceedings{Kuhl2007,
  title={Cyber attack modeling and simulation for network security analysis},
  author={Kuhl, Michael E and Kistner, Jason and Costantini, Kevin and Sudit, Moises},
  booktitle={Proceedings of the 39th Conference on Winter Simulation},
  pages={1180--1188},
  year={2007},
  organization={IEEE Press}
}

@techreport{Jajodia2010,
author = {Sushil Jajodia and Steven Noel},
title = {{Advanced cyber attack modeling, analysis, and visualization}},
institution = {George Mason University},
Volume = {AFRL-RI-RS-TR-2010-078},
month = {March},
year = {2010}
}

@inproceedings{Du2014,
  title={Probabilistic Inference for Obfuscated Network Attack Sequences},
  author={Haitao Du and Shanchieh Jay Yang},
  booktitle={Proceedings of IEEE/ISIF International Conference on Dependable Systems and Networks},
  pages={},
  address={Atlanta, GA},
  month={June 23-26},
  year={2014}
}

@inproceedings{Strapp2014,
  title={Segmentating Large-Scale Cyber Attacks for Online Behavior Model Generation},
  author={Steven Strapp and Shanchieh Jay Yang},
  booktitle={Proceedings of International Conference on Social Computing, Behavioral-Cultural Modeling, and Prediction},
  pages={},
  address={Washington, DC},
  month={April 1-4},
  year={2014}
}

@inproceedings{Moskal2013,
  title={Simulating Attack Behaviors in Enterprise Networks},
  author={Stephen Moskal and Derek Kreider and Lydia Hays and Ben Wheeler and Shanchieh Jay Yang and Michael Kuhl},
  booktitle={Proceedings of IEEE Communications and Network Security},
  pages={},
  address={Washington, DC},
  year={2013}
}

@article{Cohen1997,
  title={Information system defences: A preliminary classification scheme},
  author={Cohen, Fred},
  journal={Computers \& Security},
  volume={16},
  number={2},
  pages={94--114},
  year={1997},
  publisher={Elsevier}
}

@article{Cohen1999,
  title={Simulating cyber attacks, defences, and consequences},
  author={Cohen, Fred},
  journal={Computers \& Security},
  volume={18},
  number={6},
  pages={479--518},
  year={1999},
  publisher={Elsevier Advanced Technology}
}

@incollection{Park2001,
  title={SECUSIM: A tool for the cyber-attack simulation},
  author={Park, Jong Sou and Lee, Jang-Se and Kim, Hwan Kuk and Jeong, Jeong-Rye and Yeom, Dong-Bok and Chi, Sung-Do},
  booktitle={Information and Communications Security},
  pages={471--475},
  year={2001},
  publisher={Springer}
}

@incollection{Kotenko2003,
year={2003},
isbn={978-3-540-40797-3},
booktitle={Computer Network Security},
volume={2776},
series={Lecture Notes in Computer Science},
editor={Gorodetsky, Vladimir and Popyack, Leonard and Skormin, Victor},
doi={10.1007/978-3-540-45215-7_15},
title={Experiments with Simulation of Attacks against Computer Networks},
publisher={Springer Berlin Heidelberg},
author={Kotenko, I. and {Manâ€™kov}, E.},
pages={183-194}
}

@article{hoeting1999bayesian,
  title={Bayesian model averaging: a tutorial},
  author={Hoeting, Jennifer A and Madigan, David and Raftery, Adrian E and Volinsky, Chris T},
  journal={Statistical science},
  pages={382--401},
  year={1999},
  publisher={JSTOR}
}

@inproceedings{monteith2011turning,
  title={Turning Bayesian model averaging into Bayesian model combination},
  author={Monteith, Kristine and Carroll, James L and Seppi, Kevin and Martinez, Tony},
  booktitle={Proceedings of International Joint Conference on Neural Networks (IJCNN)},
  pages={2657--2663},
  year={2011},
  organization={IEEE}
}

@OTHER{selinux,
  crossref = {http://selinuxproject.org/page/Main_Page},
  title = {{A security enhancement to Linux. \url{URL: http://selinuxproject.org/page/Main_Page},  Access Date: Jan. 2014}},
  url = {http://selinuxproject.org/page/Main_Page}
}

@OTHER{eljefe,
  crossref = {http://www.immunityinc.com/products-eljefe.shtml},
  title = {{A Windows based process monitoring solution developed by Immunity Inc. \url{URL: http://www.immunityinc.com/products-eljefe.shtml},  Access Date: Jan. 2014}},
  url = {http://www.immunityinc.com/products-eljefe.shtml}
}

@OTHER{cwe,
  crossref = {http://nvd.nist.gov/cwe.cfm},
  title = {{Common Weakness Enumeration. \url{URL: http://nvd.nist.gov/cwe.cfm},  Access Date: Jan. 2014}},
  url = {http://nvd.nist.gov/cwe.cfm}
}

@OTHER{capec,
  crossref = {http://capec.mitre.org},
  title = {{Common Attack Pattern Enumeration and Classification. \url{URL: http://capec.mitre.org},  Access Date: Jan. 2014}},
  url = {http://capec.mitre.org}
}

@article{Hansman2005,
author = {Hansman, Simon and Hunt, Ray},
issn = {01674048},
journal = {Computers \& Security},
month = feb,
number = {1},
pages = {31--43},
title = {{A taxonomy of network and computer attacks}},
volume = {24},
year = {2005}
}
@inproceedings{Cuppens2002a,
author = {Cuppens, Fr\'{e}d\'{e}ric and Mi\`{e}ge, Alexandre},
booktitle = {Proceedings of IEEE Symposium on Security and Privacy},
publisher = {IEEE},
pages = {202--215},
title = {{Alert correlation in a cooperative intrusion detection framework}},
year = {2002}
}
@inproceedings{Roesch1999,
author = {Roesch, Martin and Others},
booktitle = {Proceedings of the 13th USENIX conference on System administration},
pages = {229--238},
title = {{Snort-lightweight intrusion detection for networks}},
year = {1999}
}
@phdthesis{Qin2005,
author = {Qin, Xinzhou},
booktitle = {Ph.D. Thesis},
number = {August},
title = {{A Probabilistic-Based Framework for INFOSEC Alert Correlation}},
year = {2005}
}
@inproceedings{Gu2008,
author = {Gu, Guofei and Perdisci, Roberto and Zhang, Junjie and Lee, Wenke},
booktitle = {Proceedings of the 17th conference on Security symposium},
pages = {139--154},
publisher = {USENIX Association},
title = {{BotMiner: clustering analysis of network traffic for protocol-and structure-independent botnet detection}},
year = {2008}
}
@article{Xu2008,
author = {K. Xu and Z. L. Zhang and S. Bhattacharyya},
issn = {1063-6692},
journal = {IEEE/ACM Transactions on Networking},
month = dec,
number = {6},
pages = {1241--1252},
publisher = {IEEE},
title = {{Internet traffic behavior profiling for network security monitoring}},
volume = {16},
year = {2008}
}
@inproceedings{Xu2011,
author = {Xu, Kuai and Wang, Feng and Gu, Lin},
booktitle = {Proceedings IEEE INFOCOM'11},
isbn = {978-1-4244-9919-9},
month = apr,
pages = {2078--2086},
publisher = {IEEE},
title = {{Network-aware behavior clustering of {Internet} end hosts}},
year = {2011}
}
@inproceedings{Wei2006,
author = {Wei, Songjie and Mirkovic, J and Kissel, E.},
booktitle = {Proceedings of the International Conference on Data Mining},
pages = {269--275},
publisher = {IEEE},
title = {{Profiling and clustering internet hosts}},
year = {2006}
}
@inproceedings{Soldo2010,
author = {Soldo, Fabio and Le, Anh and Markopoulou, Athina},
isbn = {978-1-4244-5836-3},
booktitle = {Proceedings of IEEE INFOCOM},
month = {March 14-19},
pages = {},
publisher = {IEEE},
title = {{Predictive Blacklisting as an Implicit Recommendation System}},
year = {2010}
}
@article{Soldo2011,
author = {Soldo, Fabio and Le, Anh and Markopoulou, Athina},
issn = {0733-8716},
journal = {IEEE Journal on Selected Areas in Communications},
month = aug,
number = {7},
pages = {1423--1437},
title = {{Blacklisting Recommendation System: Using Spatio-Temporal Patterns to Predict Future Attacks}},
volume = {29},
year = {2011}
}
@article{Fuchsberger2005,
author = {Fuchsberger, Andreas},
issn = {13634127},
journal = {Information Security Technical Report},
number = {3},
pages = {134--139},
title = {{Intrusion Detection Systems and Intrusion Prevention Systems}},
volume = {10},
year = {2005}
}
@article{Wu2010,
author = {Wu, S.X. and Banzhaf, Wolfgang},
issn = {15684946},
journal = {Applied Soft Computing},
month = jan,
number = {1},
pages = {1--35},
publisher = {Elsevier},
title = {{The use of computational intelligence in intrusion detection systems: A review}},
volume = {10},
year = {2010}
}
@article{Zhou2010,
author = {Zhou, C.V. and Leckie, Christopher and Karunasekera, Shanika},
issn = {01674048},
journal = {Computers \& Security},
month = feb,
number = {1},
pages = {124--140},
publisher = {Elsevier},
title = {{A survey of coordinated attacks and collaborative intrusion detection}},
volume = {29},
year = {2010}
}
@inproceedings{Valdes2001,
author = {Valdes, Alfonso and Skinner, Keith},
booktitle = {Recent Advances in Intrusion Detection (RAID)},
pages = {54--68},
publisher = {Springer},
title = {{Probabilistic alert correlation}},
year = {2001}
}
@article{Sadoddin2009,
author = {Sadoddin, Reza and Ghorbani, Ali a.},
issn = {01674048},
journal = {Computers \& Security},
mendeley-tags = {Alert correlation,Data Mining},
month = may,
number = {3-4},
pages = {153--173},
publisher = {Elsevier Ltd},
title = {{An incremental frequent structure mining framework for real-time alert correlation}},
volume = {28},
year = {2009}
}
@inproceedings{Ning2002a,
author = {Ning, Peng and Cui, Y},
isbn = {1581136129},
booktitle = {Proceedings of the 9th ACM Conference on Computer and Communications Security},
pages = {245--254},
title = {{Constructing attack scenarios through correlation of intrusion alerts}},
year = {2002}
}
@article{Du2011,
author = {Du, Haitao and Yang, Shanchieh Jay},
journal = {Unpublished},
title = {{Discovering Collaborative Cyber Attack Patterns Using Connectivity Analysis}}
}
@inproceedings{Du2011a,
author = {Du, Haitao and Yang, S.},
booktitle = {Social Computing, Behavioral-Cultural Modeling and Prediction (SBP'10)},
pages = {129--136},
publisher = {Springer},
title = {{Discovering collaborative cyber attack patterns using social network analysis}},
year = {2011}
}
@inproceedings{Sadoddin2006,
author = {Sadoddin, R. and Ghorbani, Ali},
booktitle = {Proceedings of the 2006 International Conference on Privacy, Security and Trust},
isbn = {1595936041},
pages = {1--10},
publisher = {ACM},
title = {{Alert correlation survey: framework and techniques}},
year = {2006}
}
@article{Debar1999,
author = {Debar, H and Dacier, Marc},
journal = {Computer Networks},
title = {{Towards a taxonomy of intrusion-detection systems}},
Volume = {31},
year = {1999}
}
@inproceedings{Cuppens2001,
author = {Cuppens, Fr\'{e}d\'{e}ric},
booktitle = {Proceedings of the 17th Annual Computer Security Applications Conference},
title = {{Managing alerts in a multi-intrusion detection environment}},
volume = {32},
year = {2001}
}
@techreport{Fossl2010,
author = {Marc Fossl and Gerry Egan and others},
title = {{Symantec Internet Security Threat Report Trends for 2010}},
institution = {Symantec},
Volume = {16},
year = {2010}
}
@book{CounterHackReloaded,
author = {Edward Skoudis and Tom Liston},
isbn = {978-0131481046},
pages = {2006},
publisher = {Prentice Hall},
title = {Counter Hack Reloaded: A Step-by-Step Guide to Computer Attacks and Effective Defenses}
}
@inproceedings{Childers2010,
author = {Childers, Nicholas and Boe, Bryce and Cavallaro, Lorenzo and Cavedon, Ludovico and Cova, Marco and Egele, Manuel and Vigna, Giovanni},
booktitle = {Detection of Intrusions and Malware, and Vulnerability Assessment (DIMVA)},
volume ={6201},
pages = {132--152},
publisher = {Springer},
title = {{Organizing Large Scale Hacking Competitions}},
year = {2010}
}
@article{Tsai2009,
author = {Tsai, C.F. and Hsu, Y.F. and Lin, C.Y. and Lin, W.Y.},
issn = {09574174},
journal = {Expert Systems with Applications},
month = dec,
number = {10},
pages = {11994--12000},
publisher = {Elsevier},
title = {{Intrusion detection by machine learning: A review}},
volume = {36},
year = {2009}
}
@inproceedings{Zhai2004,
author = {Iyer, Purush and Reeves, D.S. and Zhai, Yan and Ning, Peng},
booktitle = {Proceedings of 20th Annual Computer Security Applications Conference},
isbn = {0-7695-2252-1},
pages = {39--48},
publisher = {IEEE},
title = {{Reasoning About Complementary Intrusion Evidence}},
year = {2004}
}
@article{Valeur2004,
author = {Valeur, Fredrik and Vigna, Giovanni and Kruegel, Christopher and Kemmerer, R.A.},
journal = {IEEE Transactions on dependable and secure computing},
number = {3},
pages = {146--169},
publisher = {Published by the IEEE Computer Society},
title = {{A comprehensive approach to intrusion detection alert correlation}},
volume = {1},
year = {2004}
}
@inproceedings{Qin2004,
author = {Qin, Xinzhou and Lee, Wenke},
booktitle = {Proceedings of 20th Annual Computer Security Applications Conference},
pages = {370--379},
publisher = {IEEE},
title = {{Attack plan recognition and prediction using causal networks}},
month = {December},
year = {2004}
}
@article{Haines2003,
author = {Haines, J. and Ryder, D.K. and Tinnel, L. and Taylor, S. and {Kewley Ryder}, D.},
issn = {1540-7993},
journal = {IEEE Security \& Privacy Magazine},
month = jan,
number = {1},
pages = {46--56},
publisher = {IEEE},
title = {{Validation of sensor alert correlators}},
volume = {1},
year = {2003}
}
@inproceedings{Debar2001,
author = {Debar, H. and Wespi, Andreas},
booktitle = {Recent Advances in Intrusion Detection (RAID)},
pages = {85--103},
publisher = {Springer},
title = {{Aggregation and correlation of intrusion-detection alerts}},
year = {2001}
}
@inproceedings{Du2011b,
author = {Du, Haitao and Yang, Shanchieh Jay},
booktitle = {Proceedings of the 20th International Conference on Computer Communications and Networks (ICCCN)},
issn = {1095-2055},
pages = {1--6},
title = {{Characterizing Transition Behaviors in Internet Attack Sequences}},
year = {2011}
}
@BOOK{hastie2005,
  title = {The elements of statistical learning: data mining, inference and prediction},
  publisher = {Springer},
  year = {2001},
  author = {Hastie, T. and Tibshirani, R. and others},
}

@misc{CAIDAWeb,
  title = {{CAIDA Data. Overview of Datasets, Monitors, and Reports}},
  howpublished = "\url{http://www.caida.org/data/overview/}",
  note={(Access Date: Jan. 2012)}
}

@misc{DShieldWeb,
  title = {{Dshield Internet Storm Center}},
  howpublished = "\url{http://www.dshield.org/}",
  note={(Access Date: Jan. 2012)}
}

@misc{DEFCONData,
  title = {{DEFCON Capture The Falg Hacking Competition}},
  howpublished = "\url{https://www.defcon.org/html/links/dc-ctf.html}",
  note={(Access Date: Jan. 2012)}
}

@misc{DARPA2000,
  title = {{DARPA 2000 Intrusion Detection Scenario Specific Data Sets}},
  howpublished = "\url{http://www.ll.mit.edu/mission/communications/ist/corpora/ideval/data/2000data.html}",
  note={(Access Date: Jan. 2012)}
}

@misc{ICTFWinnerWriteup,
  title = {{ICTF 2011 Winner Write-up}},
  howpublished = "\url{http://ictf.cs.ucsb.edu/iCTF2011_We0wnYou_writeup.pdf}",
  note={(Access Date: Jan. 2012)}
}

@inproceedings{Lippmann2000,
author = {Lippmann, R.P. and Fried, D.J. and Graf, Isaac},
booktitle = {Proceedings of DARPA Information Survivability Conference and Exposition (DISCEX '00)},
pages = {12--26},
publisher = {IEEE},
title = {{Evaluating intrusion detection systems: The 1998 DARPA off-line intrusion detection evaluation}},
volume = {2},
year = {2000}
}
@article{Lippmann2000a,
author = {Lippmann, Richard and Haines, JW and Fried, DJ and Korba, Jonathan},
journal = {Computer Networks},
pages = {1--22},
title = {{The 1999 DARPA off-line intrusion detection evaluation}},
year = {2000}
}

@article{Lippmann2000a,
author = {Lippmann, Richard and Haines, JW and Fried, DJ and Korba, Jonathan},
journal = {Computer Networks},
volume={34},
pages = {579--595},
title = {{The 1999 DARPA off-line intrusion detection evaluation}},
year = {2000}
}

@techreport{Moore2004,
  author = {Moore, D. and Shannon, C. and Voelker, G.M. and Savage, S.},
  title = {{Network telescopes: Technical report}},
  journal = {CAIDA},
  year = {2004}
}

@misc{CAIDAData,
  author = {Emile Aben and others},
  title = {{The CAIDA UCSD Network Telescope Two Days in November 2008 Dataset}},
  howpublished = "\url{http://www.caida.org/data/passive/telescope-2days-2008_dataset.xml}",
  note={(Access Date: Jan. 2012)}
}

@misc{ICTFData,
  author = {Giovanni Vigna and others},
  title = {{The iCTF Datasets from 2002 to 2010}},
  howpublished = "\url{http://ictf.cs.ucsb.edu/data.php}",
  note={(Access Date: Jan. 2012)}
}

@article{kullback1951,
  title={On information and sufficiency},
  author={Kullback, S. and Leibler, R.A.},
  journal={The Annals of Mathematical Statistics},
  volume={22},
  number={1},
  pages={79--86},
  year={1951},
  publisher={JSTOR}
}

