%% This BibTeX bibliography file was created using BibDesk.
%% http://bibdesk.sourceforge.net/


%% Created for Stephen Moskal at 2016-08-29 13:09:30 -0400 


%% Saved with string encoding Unicode (UTF-8) 



@article{cohen1999simulating,
	Author = {Cohen, Fred},
	Journal = {Computers \& Security},
	Number = {6},
	Pages = {479--518},
	Publisher = {Elsevier},
	Title = {Simulating cyber attacks, defences, and consequences},
	Volume = {18},
	Year = {1999}}

@incollection{park2001secusim,
	Author = {Park, Jong Sou and Lee, Jang-Se and Kim, Hwan Kuk and Jeong, Jeong-Rye and Yeom, Dong-Bok and Chi, Sung-Do},
	Booktitle = {Information and Communications Security},
	Pages = {471--475},
	Publisher = {Springer},
	Title = {Secusim: A tool for the cyber-attack simulation},
	Year = {2001}}

@article{kotenko2003experiments,
	Author = {Kotenko, I and Man'kov, Evgeny},
	Booktitle = {Computer Network Security},
	Date-Modified = {2016-08-04 14:22:41 +0000},
	Pages = {183--194},
	Publisher = {Springer},
	Title = {Experiments with simulation of attacks against computer networks},
	Year = {2003}}

@inproceedings{kuhl2007cyber,
	Author = {Kuhl, Michael E and Kistner, Jason and Costantini, Kevin and Sudit, Moises},
	Booktitle = {Proceedings of the 39th Conference on Winter Simulation: 40 years! The best is yet to come},
	Organization = {IEEE Press},
	Pages = {1180--1188},
	Title = {Cyber attack modeling and simulation for network security analysis},
	Year = {2007}}

@inproceedings{moskal2013simulating,
	Author = {Moskal, Stephen and Kreider, Derek and Hays, Lydia and Wheeler, Ben and Yang, Shanchieh Jay and Kuhl, Michael},
	Booktitle = {Proceedings of 2013 IEEE Conference on Communications and Network Security (CNS)},
	Date-Modified = {2016-08-04 14:26:24 +0000},
	Organization = {IEEE},
	Pages = {359--360},
	Title = {Simulating attack behaviors in enterprise networks},
	Year = {2013}}

@inproceedings{moskal2014context,
	Author = {Moskal, Stephen and Wheeler, Ben and Kreider, Derek and Kuhl, Michael E and Yang, Shanchieh Jay},
	Booktitle = {Proceedings of Military Communications Conference (MILCOM), 2014 IEEE},
	Date-Modified = {2016-08-04 14:26:01 +0000},
	Organization = {IEEE},
	Pages = {158--163},
	Title = {Context model fusion for multistage network attack simulation},
	Year = {2014}}

@article{an2004silico,
	Author = {An, Gary},
	Date-Modified = {2016-08-04 14:11:05 +0000},
	Journal = {Critical care medicine},
	Number = {10},
	Pages = {2050--2060},
	Publisher = {LWW},
	Title = {In silico experiments of existing and hypothetical cytokine-directed clinical trials using agent-based modeling},
	Volume = {32},
	Year = {2004}}

@inproceedings{pelechano2007controlling,
	Author = {Pelechano, Nuria and Allbeck, Jan M and Badler, Norman I},
	Booktitle = {Proceedings of the 2007 ACM SIGGRAPH/Eurographics symposium on Computer animation},
	Organization = {Eurographics Association},
	Pages = {99--108},
	Title = {Controlling individual agents in high-density crowd simulation},
	Year = {2007}}

@article{macal2010tutorial,
	Author = {Macal, Charles M and North, Michael J},
	Journal = {Journal of simulation},
	Number = {3},
	Pages = {151--162},
	Publisher = {Nature Publishing Group},
	Title = {Tutorial on agent-based modelling and simulation},
	Volume = {4},
	Year = {2010}}

@inproceedings{kotenko2005agent,
	Author = {Kotenko, Igor},
	Booktitle = {Proceedings of 19th European Simulation Multiconference ''Simulation in wider Europe''},
	Date-Modified = {2016-08-04 14:23:32 +0000},
	Title = {Agent-based modeling and simulation of cyber-warfare between malefactors and security agents in Internet},
	Year = {2005}}

@article{kotenko2010agent,
	Author = {Kotenko, Igor},
	Date-Modified = {2016-08-04 15:38:18 +0000},
	Journal = {Discrete Event Simulations},
	Pages = {223--246},
	Title = {Agent-based modelling and simulation of network cyber-attacks and cooperative defence mechanisms},
	Year = {2010}}

@inproceedings{grunewald2011agent,
	Author = {Grunewald, Dennis and L{\"u}tzenberger, Marco and Chinnow, Jo{\"e}l and Bye, Rainer and Bsufka, Karsten and Albayrak, Sahin},
	Booktitle = {Proceedings of The 10th International Conference on Autonomous Agents and Multiagent Systems-Volume 3},
	Date-Modified = {2016-08-04 14:20:33 +0000},
	Organization = {International Foundation for Autonomous Agents and Multiagent Systems},
	Pages = {1325--1326},
	Title = {Agent-based network security simulation},
	Year = {2011}}

@inproceedings{scarfone2009analysis,
	Author = {Scarfone, Karen and Mell, Peter},
	Booktitle = {Proceedings of the 2009 3rd International Symposium on Empirical Software Engineering and Measurement},
	Organization = {IEEE Computer Society},
	Pages = {516--525},
	Title = {An analysis of CVSS version 2 vulnerability scoring},
	Year = {2009}}

@inproceedings{wang2011improved,
	Author = {Wang, Ruyi and Gao, Ling and Sun, Qian and Sun, Deheng},
	Booktitle = {Proceedings of 2011 Third International Conference on Multimedia Information Networking and Security (MINES)},
	Date-Modified = {2016-08-04 14:30:17 +0000},
	Organization = {IEEE},
	Pages = {352--355},
	Title = {An improved CVSS-based vulnerability scoring mechanism},
	Year = {2011}}

@inproceedings{sandoval2010measurement,
	Author = {Sandoval, Juan E and Hassell, Suzanne P},
	Booktitle = {Proceedings of 2010 MILITARY COMMUNICATIONS CONFERENCE},
	Date-Modified = {2016-08-04 14:28:01 +0000},
	Organization = {IEEE},
	Pages = {2174--2179},
	Title = {Measurement, identification and calculation of cyber defense metrics},
	Year = {2010}}

@incollection{ulicny2014inference,
	Author = {Ulicny, Brian E and Moskal, Jakub J and Kokar, Mieczyslaw M and Abe, Keith and Smith, John Kei},
	Booktitle = {Cyber Defense and Situational Awareness},
	Pages = {167--199},
	Publisher = {Springer},
	Title = {Inference and Ontologies},
	Year = {2014}}

@misc{target_bloomberg,
	Author = {Riley, Michael and Elgin, Benjamin and Lawrence, Dune and Matlack, Carol},
	Date-Modified = {2016-03-30 18:10:41 +0000},
	Howpublished = {\url{http://www.bloomberg.com/news/articles/2014-03-13/target-missed-warnings-in-epic-hack-of-credit-card-data}},
	Note = {[Online; accessed 30-March-2016]},
	Title = {Missed Alarms and 40 Million Stolen Credit Card Numbers: How Target Blew It},
	Year = {2014}}

@techreport{mtrends2016,
	Author = {Mandaint: A FireEye Company},
	Contact = {info@fireeye.com},
	Keywords = {access control, security, contracts, Szumo},
	Month = {Febuary},
	Pages = {7},
	Title = {M-Trends 2016},
	Year = {2016}}

@techreport{jajodia2010advanced,
	Author = {Jajodia, Sushil and Noel, Steven},
	Institution = {DTIC Document},
	Title = {Advanced cyber attack modeling analysis and visualization},
	Year = {2010}}

@inproceedings{qin2004attack,
	Author = {Qin, Xinzhou and Lee, Wenke},
	Booktitle = {Proceedings of 20th Annual Computer Security Applications Conference},
	Date-Modified = {2016-08-04 14:27:04 +0000},
	Organization = {IEEE},
	Pages = {370--379},
	Title = {Attack plan recognition and prediction using causal networks},
	Year = {2004}}

@inproceedings{xie2010using,
	Author = {Xie, Peng and Li, Jason H and Ou, Xinming and Liu, Peng and Levy, Renato},
	Booktitle = {Proceedings of 2010 IEEE/IFIP International Conference on Dependable Systems and Networks (DSN)},
	Date-Modified = {2016-08-04 14:30:37 +0000},
	Organization = {IEEE},
	Pages = {211--220},
	Title = {Using Bayesian networks for cyber security analysis},
	Year = {2010}}

@article{fava2008projecting,
	Author = {Fava, Daniel S and Byers, Stephen R and Yang, Shanchieh Jay},
	Date-Modified = {2016-08-04 14:13:50 +0000},
	Journal = {IEEE Transactions on Information Forensics and Security},
	Number = {3},
	Pages = {359--369},
	Publisher = {IEEE},
	Title = {Projecting cyberattacks through variable-length markov models},
	Volume = {3},
	Year = {2008}}

@inproceedings{stotz2007information,
	Author = {Stotz, Adam and Sudit, Moises},
	Booktitle = {Proceedings of 2007 10th International Conference on Information Fusion},
	Date-Modified = {2016-08-04 14:29:25 +0000},
	Organization = {IEEE},
	Pages = {1--8},
	Title = {INformation fusion engine for real-time decision-making (INFERD): A perceptual system for cyber attack tracking},
	Year = {2007}}

@inproceedings{wang2010network,
	Author = {Wang, Baoyi and Cai, Jianqiang and Zhang, Shaomin and Li, Jun},
	Booktitle = {Proceedings of 2010 International Conference on Computer Application and System Modeling (ICCASM)},
	Date-Modified = {2016-08-04 14:29:48 +0000},
	Organization = {IEEE},
	Pages = {V3--639},
	Title = {A network security assessment model based on attack-defense game theory},
	Volume = {3},
	Year = {2010}}

@misc{KC_InfoSec,
	Author = {Engol, Giora},
	Date-Modified = {2016-04-4 13:10:41 +0000},
	Howpublished = {\url{http://www.darkreading.com/attacks-breaches/deconstructing-the-cyber-kill-chain/a/d-id/1317542}},
	Note = {[Online; accessed 4-April-2016]},
	Title = {Deconstructing The Cyber Kill Chain},
	Year = {2014}}

@misc{KC_WebSense,
	Author = {Websense Trition},
	Date-Modified = {2016-04-4 13:10:41 +0000},
	Howpublished = {\url{http://www.websense.com/assets/white-papers/whitepaper-7-stages-of-advanced-threats-cyber-attack-kill-chain-en.pdf?cm_sp=TMCShowcase-_-PromoCol4-_-Websense+7stages}},
	Note = {[Online; accessed 4-April-2016]},
	Title = {The Seven States of Advanced Threats},
	Year = {2013}}

@misc{KC_Dell,
	Author = {Dell SecureWorks},
	Date-Modified = {2016-04-4 13:10:41 +0000},
	Howpublished = {\url{https://www.secureworks.com/assets/pdf-store/other/article-breaking-the-kill-chain.pdf}},
	Note = {[Online; accessed 4-April-2016]},
	Title = {Breaking the Kill Chain- Knowing, Detecting, Disrupting and Eradicating the Advanced Threat},
	Year = {2015}}

@misc{KC_Stix,
	Author = {STIX},
	Date-Modified = {2016-04-4 13:10:41 +0000},
	Howpublished = {\url{http://stixproject.github.io/documentation/idioms/kill-chain/}},
	Note = {[Online; accessed 4-April-2016]},
	Title = {Kill Chains in STIX},
	Year = {2015}}

@misc{KC_Webapp,
	Author = {Prince, Brian},
	Date-Modified = {2016-04-4 13:10:41 +0000},
	Howpublished = {\url{http://www.securityweek.com/breaking-cyber-kill-chain}},
	Note = {[Online; accessed 4-April-2016]},
	Title = {Breaking the Cyber Kill Chain},
	Year = {2014}}

@misc{KC_FireEye,
	Author = {Bu, Zheng},
	Date-Modified = {2016-04-4 13:10:41 +0000},
	Howpublished = {\url{https://www.fireeye.com/blog/executive-perspective/2014/04/zero-day-attacks-are-not-the-same-as-zero-day-vulnerabilities.html}},
	Note = {[Online; accessed 4-April-2016]},
	Title = {Zero-Day Attacks Are Not The Same As Zero-Day Vulnerabilities},
	Year = {2014}}

@article{KC_ukcert,
	Author = {Hutchins, Eric M and Cloppert, Michael J and Amin, Rohan M},
	Journal = {Leading Issues in Information Warfare \& Security Research},
	Pages = {80},
	Title = {Intelligence-driven computer network defense informed by analysis of adversary campaigns and intrusion kill chains},
	Volume = {1},
	Year = {2011}}

@misc{KC_rsa,
	Author = {Cox, Alex},
	Date-Modified = {2016-04-4 13:10:41 +0000},
	Howpublished = {\url{http://blogs.rsa.com/stalking-the-kill-chain-the-attackers-chain-2/}},
	Note = {[Online; accessed 4-April-2016]},
	Title = {Stalking the Kill Chain: The Attacker's Chain},
	Year = {2012}}

@misc{KC_symantec,
	Author = {Symantec},
	Date-Modified = {2016-04-4 13:10:41 +0000},
	Howpublished = {\url{http://www.symantec.com/content/en/us/enterprise/white_papers/b-advanced_persistent_threats_WP_21215957.en-us.pdf}},
	Note = {[Online; accessed 4-April-2016]},
	Title = {Advanced Persistent Threats: A Symantec Perspective},
	Year = {2012}}

@inproceedings{holsopple2008fusia,
	Author = {Holsopple, Jared and Yang, Shanchieh Jay},
	Booktitle = {Proceedings of 2008 11th International Conference on Information Fusion},
	Date-Modified = {2016-08-04 14:20:57 +0000},
	Organization = {IEEE},
	Pages = {1--8},
	Title = {FuSIA: Future situation and impact awareness},
	Year = {2008}}

@misc{KC_Lockheed,
	Date-Modified = {2016-04-4 13:10:41 +0000},
	Howpublished = {\url{http://cyber.lockheedmartin.com/solutions/cyber-kill-chain}},
	Note = {[Online; accessed 11-April-2016]},
	Title = {Cyber Kill Chain | Lockheed Martin Security},
	Year = {2016}}

@article{rasmussen1983skills,
	Author = {Rasmussen, Jens},
	Journal = {Systems, Man and Cybernetics, IEEE Transactions on},
	Number = {3},
	Pages = {257--266},
	Publisher = {IEEE},
	Title = {Skills, rules, and knowledge; signals, signs, and symbols, and other distinctions in human performance models},
	Year = {1983}}

@article{kolodneer1991improving,
	Author = {Kolodneer, Janet L},
	Journal = {AI magazine},
	Number = {2},
	Pages = {52},
	Title = {Improving human decision making through case-based decision aiding},
	Volume = {12},
	Year = {1991}}

@misc{nmap,
	Author = {NMap},
	Date-Modified = {2016-04-4 13:10:41 +0000},
	Howpublished = {\url{https://nmap.org/book/nse-usage.html#nse-categories}},
	Note = {[Online; accessed 6-July-2016]},
	Title = {NMap Network Scanning- Usage and Examples},
	Year = {2016}}

@misc{metasploit,
	Author = {Metasploit},
	Date-Modified = {2016-04-4 13:10:41 +0000},
	Howpublished = {\url{https://www.metasploit.com}},
	Note = {[Online; accessed 6-July-2016]},
	Title = {Penetration Testing Software | Metasploit},
	Year = {2016}}

@inproceedings{jfuzzylogic,
	Author = {Cingolani, Pablo and Alcala-Fdez, Jesus},
	Booktitle = {Proceedings of FUZZ-IEEE},
	Date-Modified = {2016-08-04 14:19:37 +0000},
	Title = {jFuzzyLogic: a robust and flexible Fuzzy-Logic inference system language implementation.},
	Year = {2012}}

@inproceedings{shepard2005knowledge,
	Author = {Shepard, Blake and Matuszek, Cynthia and Fraser, C Bruce and Wechtenhiser, William and Crabbe, David and G{\"u}ng{\"o}rd{\"u}, Zelal and Jantos, John and Hughes, Todd and Lefkowitz, Larry and Witbrock, Michael J and others},
	Booktitle = {Proceedings of the National Conference on Artificial Intelligence},
	Number = {3},
	Organization = {Menlo Park, CA; Cambridge, MA; London; AAAI Press; MIT Press; 1999},
	Pages = {1563},
	Title = {A Knowledge-based approach to network security: applying Cyc in the domain of network risk assessment},
	Volume = {20},
	Year = {2005}}

@inproceedings{chinnow2012tool,
	Author = {Chinnow, Jo{\"e}l and Tonn, Jakob and Bsufka, Karsten and Konnerth, Thomas and Albayrak, Sahin},
	Booktitle = {Proceedings of International Workshop on Smart Grid Security},
	Date-Modified = {2016-08-04 14:19:11 +0000},
	Organization = {Springer},
	Pages = {45--57},
	Title = {A tool set for the evaluation of security and reliability in smart grids},
	Year = {2012}}

@inproceedings{sheyner2002automated,
	Author = {Sheyner, Oleg and Haines, Joshua and Jha, Somesh and Lippmann, Richard and Wing, Jeannette M},
	Booktitle = {Proceedings of 2002 IEEE Symposium on Security and Privacy},
	Date-Modified = {2016-08-04 14:28:49 +0000},
	Organization = {IEEE},
	Pages = {273--284},
	Title = {Automated generation and analysis of attack graphs},
	Year = {2002}}

@inproceedings{jha2002two,
	Author = {Jha, Somesh and Sheyner, Oleg and Wing, Jeannette},
	Booktitle = {Proceedings of 2002 15th IEEE Computer Security Foundations Workshop ]},
	Date-Modified = {2016-08-04 14:21:48 +0000},
	Organization = {IEEE},
	Pages = {49--63},
	Title = {Two formal analyses of attack graphs},
	Year = {2002}}

@inproceedings{kotenko2014security,
	Author = {Kotenko, Igor and Doynikova, Elena},
	Booktitle = {Proceedings of ICT-EurAsia},
	Date-Modified = {2016-08-04 19:14:39 +0000},
	Pages = {462--471},
	Title = {Security Assessment of Computer Networks Based on Attack Graphs and Security Events},
	Year = {2014}}

@inproceedings{kotenko2015capec,
	Author = {Kotenko, Igor and Doynikova, Elena},
	Booktitle = {Proceedings of 2015 IEEE 8th International Conference on Intelligent Data Acquisition and Advanced Computing Systems: Technology and Applications (IDAACS)},
	Date-Modified = {2016-08-04 14:25:03 +0000},
	Organization = {IEEE},
	Pages = {436--441},
	Title = {The CAPEC based generator of attack scenarios for network security evaluation},
	Volume = {1},
	Year = {2015}}

@inproceedings{chung2016game,
	Author = {Chung, Keywhan and Kamhoua, Charles A and Kwiat, Kevin A and Kalbarczyk, Zbigniew T and Iyer, Ravishankar K},
	Booktitle = {Proceedings of 2016 IEEE 17th International Symposium on High Assurance Systems Engineering (HASE)},
	Date-Modified = {2016-08-04 14:19:23 +0000},
	Organization = {IEEE},
	Pages = {1--8},
	Title = {Game Theory with Learning for Cyber Security Monitoring},
	Year = {2016}}

@inproceedings{gorodetski2002attacks,
	Author = {Gorodetski, Vladimir and Kotenko, Igor},
	Booktitle = {Proceedings of International Workshop on Recent Advances in Intrusion Detection},
	Date-Modified = {2016-08-04 14:20:14 +0000},
	Organization = {Springer},
	Pages = {219--238},
	Title = {Attacks against computer network: formal grammar-based framework and simulation tool},
	Year = {2002}}

@article{conesa2010usability,
	Author = {Conesa, Jordi and Storey, Veda C and Sugumaran, Vijayan},
	Journal = {Data \& Knowledge Engineering},
	Number = {4},
	Pages = {343--356},
	Publisher = {Elsevier},
	Title = {Usability of upper level ontologies: The case of ResearchCyc},
	Volume = {69},
	Year = {2010}}

@article{moayedi2012game,
	Author = {Moayedi, Behzad Zare and Azgomi, Mohammad Abdollahi},
	Journal = {Reliability Engineering \& System Safety},
	Pages = {45--54},
	Publisher = {Elsevier},
	Title = {A game theoretic framework for evaluation of the impacts of hackers diversity on security measures},
	Volume = {99},
	Year = {2012}}

@inproceedings{roy2010survey,
	Author = {Roy, Sankardas and Ellis, Charles and Shiva, Sajjan and Dasgupta, Dipankar and Shandilya, Vivek and Wu, Qishi},
	Booktitle = {Proceedings of 2010 43rd Hawaii International Conference on System Sciences (HICSS)},
	Date-Modified = {2016-08-04 14:27:31 +0000},
	Organization = {IEEE},
	Pages = {1--10},
	Title = {A survey of game theory as applied to network security},
	Year = {2010}}

@inproceedings{gasper2008cyber,
	Author = {Gasper, Peter D},
	Booktitle = {Proceedings of Information \& Cyberspace Symposium, Kansas},
	Pages = {22--24},
	Title = {Cyber Threat to Critical Infrastructure},
	Year = {2008}}

@mastersthesis{moskal2016knowledge,
	Author = {Moskal, Stephen},
	Date-Modified = {2016-08-29 17:09:30 +0000},
	School = {Rochester Institute of Technology},
	Title = {Knowledge-based Decision Making for Simulating Cyber Attack Behaviors},
	Year = {2016}}
